<?xml version="1.0" encoding="UTF-8"?><collection xmlns="http://www.loc.gov/MARC21/slim"><record><leader>00482nam--2200133-i-4500</leader><controlfield tag="001">000032489</controlfield><controlfield tag="002">20161230</controlfield><controlfield tag="005">20161230201039</controlfield><controlfield tag="008">060222s1000------------r-----000-0-eng-d</controlfield><datafield ind1=" " ind2=" " tag="080"><subfield code="a">621.039.83(043:047)</subfield></datafield><datafield ind1=" " ind2=" " tag="100"><subfield code="a">Marghitu, V</subfield></datafield><datafield ind1=" " ind2=" " tag="245"><subfield code="a">Contributii la proiectarea radiometrica a instalatiilor industriale cu surse iyotopice inchise de radiatii gama, utilizate in masurare. rezumatul tezei de doctorat</subfield></datafield><datafield ind1=" " ind2=" " tag="260"><subfield code="a">Bucuresti, Institutul De Fizica Atomica, 1974, 71p</subfield></datafield><datafield ind1=" " ind2=" " tag="852"><subfield code="a">40857</subfield></datafield></record></collection>